@Manual{R-base,
  title = {R: A Language and Environment for Statistical Computing},
  author = {{R Core Team}},
  organization = {R Foundation for Statistical Computing},
  address = {Vienna, Austria},
  year = {2024},
  url = {https://www.R-project.org/},
}

@Manual{R-eRm,
  title = {eRm: Extended Rasch Modeling},
  author = {Patrick Mair and Thomas Rusch and Reinhold Hatzinger and Marco J. Maier},
  year = {2024},
  note = {R package version 1.0-6},
  url = {https://CRAN.R-project.org/package=eRm},
}

@Manual{R-knitr,
  title = {knitr: A General-Purpose Package for Dynamic Report Generation in R},
  author = {Yihui Xie},
  year = {2024},
  note = {R package version 1.48},
  url = {https://yihui.org/knitr/},
}

@Manual{R-ltm,
  title = {ltm: Latent Trait Models under IRT},
  author = {Dimitris Rizopoulos},
  year = {2022},
  note = {R package version 1.2-0},
  url = {https://github.com/drizopoulos/ltm},
}

@Manual{R-mirt,
  title = {mirt: Multidimensional Item Response Theory},
  author = {Phil Chalmers},
  year = {2024},
  note = {R package version 1.42},
  url = {https://github.com/philchalmers/mirt},
}

@Manual{R-psych,
  title = {psych: Procedures for Psychological, Psychometric, and Personality
Research},
  author = {William Revelle},
  year = {2024},
  note = {R package version 2.4.6.26},
  url = {https://personality-project.org/r/psych/},
}

@Manual{R-rmarkdown,
  title = {rmarkdown: Dynamic Documents for R},
  author = {JJ Allaire and Yihui Xie and Christophe Dervieux and Jonathan McPherson and Javier Luraschi and Kevin Ushey and Aron Atkins and Hadley Wickham and Joe Cheng and Winston Chang and Richard Iannone},
  year = {2024},
  note = {R package version 2.27},
  url = {https://github.com/rstudio/rmarkdown},
}

@Manual{R-sirt,
  title = {sirt: Supplementary Item Response Theory Models},
  author = {Alexander Robitzsch},
  year = {2024},
  note = {R package version 4.1-15},
  url = {https://github.com/alexanderrobitzsch/sirt},
}

@Manual{R-TAM,
  title = {TAM: Test Analysis Modules},
  author = {Alexander Robitzsch and Thomas Kiefer and Margaret Wu},
  year = {2024},
  note = {R package version 4.2-21},
  url = {http://www.edmeasurementsurveys.com/TAM/Tutorials/},
}

@Article{eRm2007a,
  title = {Extended Rasch modeling: The eRm package for the application of IRT models in R},
  author = {Patrick Mair and Reinhold Hatzinger},
  journal = {Journal of Statistical Software},
  year = {2007},
  page = {1--20},
  volume = {20},
  issue = {9},
  doi = {10.18637/jss.v020.i09},
}

@Article{eRm2007b,
  title = {CML based estimation of extended Rasch models with the eRm package in R},
  author = {Patrick Mair and Reinhold Hatzinger},
  journal = {Psychology Science},
  year = {2007},
  page = {26--43},
  volume = {49},
  issue = {1},
  doi = {10.18637/jss.v020.i09},
}

@Article{eRm2009a,
  title = {IRT models with relaxed assumptions in eRm: A manual-like instruction},
  author = {Reinhold Hatzinger and Thomas Rusch},
  journal = {Psychology Science Quarterly},
  year = {2009},
  page = {87--120},
  volume = {51},
  issue = {1},
}

@InProceedings{eRm2013a,
  title = {Linear logistic models with relaxed assumptions in R},
  author = {Thomas Rusch and Marco Maier and Reinhold Hatzinger},
  booktitle = {Algorithms from and for Nature and Life},
  editor = {Berthold Lausen and Dirk {van den Poel} and Alfred Ultsch},
  series = {Studies in Classification, Data Analysis, and Knowledge Organization},
  year = {2013},
  page = {337--347},
  address = {New York},
  publisher = {Springer},
  doi = {10.1007/978-3-319-00035-0_34},
}

@Article{eRm2015a,
  title = {An empirical power analysis of quasi-exact tests for the Rasch model: Measurement invariance in small samples},
  author = {Ingrid Koller and Marco Maier and Reinhold Hatzinger},
  journal = {Methodology},
  year = {2015},
  page = {45--54},
  volume = {11},
  issue = {2},
  doi = {10.1027/1614-2241/a000090},
}

@Article{eRm2019a,
  title = {Testing the local independence assumption of the Rasch model with Q3-based nonparametric model tests},
  author = {Rudolf Debelak and Ingrid Koller},
  journal = {Applied Psychological Measurement},
  year = {2019},
  page = {103--117},
  volume = {44},
  issue = {2},
  doi = {10.1177/0146621619835501},
}

@Book{knitr2015,
  title = {Dynamic Documents with {R} and knitr},
  author = {Yihui Xie},
  publisher = {Chapman and Hall/CRC},
  address = {Boca Raton, Florida},
  year = {2015},
  edition = {2nd},
  note = {ISBN 978-1498716963},
  url = {https://yihui.org/knitr/},
}

@InCollection{knitr2014,
  booktitle = {Implementing Reproducible Computational Research},
  editor = {Victoria Stodden and Friedrich Leisch and Roger D. Peng},
  title = {knitr: A Comprehensive Tool for Reproducible Research in {R}},
  author = {Yihui Xie},
  publisher = {Chapman and Hall/CRC},
  year = {2014},
  note = {ISBN 978-1466561595},
}

@Article{ltm2006,
  title = {ltm: An R package for Latent Variable Modelling and Item Response Theory Analyses},
  author = {Dimitris Rizopoulos},
  journal = {Journal of Statistical Software},
  year = {2006},
  volume = {17},
  number = {5},
  pages = {1--25},
  url = {https://doi.org/10.18637/jss.v017.i05},
}

@Article{mirt2012,
  title = {{mirt}: A Multidimensional Item Response Theory Package for the {R} Environment},
  author = {R. Philip Chalmers},
  journal = {Journal of Statistical Software},
  year = {2012},
  volume = {48},
  number = {6},
  pages = {1--29},
  doi = {10.18637/jss.v048.i06},
}

@Book{rmarkdown2018,
  title = {R Markdown: The Definitive Guide},
  author = {Yihui Xie and J.J. Allaire and Garrett Grolemund},
  publisher = {Chapman and Hall/CRC},
  address = {Boca Raton, Florida},
  year = {2018},
  isbn = {9781138359338},
  url = {https://bookdown.org/yihui/rmarkdown},
}

@Book{rmarkdown2020,
  title = {R Markdown Cookbook},
  author = {Yihui Xie and Christophe Dervieux and Emily Riederer},
  publisher = {Chapman and Hall/CRC},
  address = {Boca Raton, Florida},
  year = {2020},
  isbn = {9780367563837},
  url = {https://bookdown.org/yihui/rmarkdown-cookbook},
}

