@article{knuth84,
  author = {Knuth, Donald E.},
  title = {Literate Programming},
  year = {1984},
  issue_date = {May 1984},
  publisher = {Oxford University Press, Inc.},
  address = {USA},
  volume = {27},
  number = {2},
  issn = {0010-4620},
  url = {https://doi.org/10.1093/comjnl/27.2.97},
  doi = {10.1093/comjnl/27.2.97},
  journal = {Comput. J.},
  month = may,
  pages = {97–111},
  numpages = {15}
}

@Manual{R-base,
  title = {R: A Language and Environment for Statistical
    Computing},
  author = {{R Core Team}},
  organization = {R Foundation for Statistical Computing},
  address = {Vienna, Austria},
  year = {2016},
  url = {https://www.R-project.org/},
}

@Book{xie2015,
  title = {Dynamic Documents with {R} and knitr},
  author = {Yihui Xie},
  publisher = {Chapman and Hall/CRC},
  address = {Boca Raton, Florida},
  year = {2015},
  edition = {2nd},
  note = {ISBN 978-1498716963},
  url = {http://yihui.org/knitr/},
},

@Book{EmbretsonReise2000,
  title = {Item Response Theory for Psychologists},
  author = {Susan E. Embretson and Steven P. Reise},
  publisher = {Lawrence Erlbaum Associates},
  address = {Mahwah, New Jerey},
  year = {2000},
  edition = {},
  note = {ISBN 0-8058-2819-2},
},

@Book{Brown2006,
  title = {Confirmatory Factor Analysis for Applied Research},
  author = {Timothy A. Brown},
  publisher = {The Guilford Press},
  address = {New York, New York},
  year = {2006},
  note = {ISBN 978-1-59385-274-0},
},

@Book{Wilson2005,
  title = {Constructing Measures: An Item Response Modeling Approach},
  author = {Mark Wilson},
  publisher = {Lawrence Erlbaum Associates},
  address = {Mahwah, New Jersey},
  year = {2005},
  note = {ISBN 0-8058-4785-5},
},

@Book{BondFox2015,
  title = {Applying the Rasch Model: Fundamental Measurement in the Human Sciences},
  author = {Trevor G. Bond and Christine M. Fox},
  publisher = {Routledge},
  address = {New York, New York},
  year = {2015},
  note = {ISBN 978-0-415-83342-4},
},

@Book{Yen1979,
  title = {Introduction to Measurement Theory},
  author = {Mary J. Allen and Wendy M. Yen},
  publisher = {Waveland Press, Inc.},
  address = {Prospect Heights, Illinois},
  year = {1979},
  note = {ISBN 1-57766-230-X},
},

@article{Yen1984,
  title = "Effects of Local Item Dependence on the Fit and Equating Performance of the Three-Parameter Logistic Model",
  journal = "Applied Psychological Measurement",
  year = "1984",
  volume = "8",
  number = "2",
  pages = "125--145"
},

@Book{NetemeyerEtAl2003,
  title = {Scaling Procedures: Issues and Applications},
  author = {Richard G. Netemeyer and William O. Bearden and Subhash Sharma},
  publisher = {Sage Publications},
  address = {Thousand Oaks, California},
  year = {2003},
  note = {0-7619-2027-7},
},

@Book{DeVellis2003,
  title = {Scale Development: Theory and Applications},
  author = {Robert F. DeVellis},
  publisher = {Sage Publications},
  address = {Thousand Oaks, California},
  year = {2003},
  note = {0-7619-2605-4},
},

@Book{McKnightEtAl2007,
  title = {Missing Data: A Gentle Introduction},
  author = {Patrick E. McKnight and Katherine M. McKnight and Souraya Sidani and Aurelio Jose Figueredo},
  publisher = {The Guilford Press},
  address = {New York, New York},
  year = {2007},
},

@Article{Little1988,
  title = {A test of missing completely at random for multivariate data with missing values},
  author = {R.J.A. Little},
  journal = {Journal of the American Statistical Association},
  year = {1988},
  volume = {83},
  pages = {1198-1202},
},

@misc{bulut20215,
  author = {Bulut, Okan},
  title = {Okan Bulut: 5 Ways to Effectively Visualize Survey Data},
  url = {https://okan.cloud/posts/2021-03-04-5-ways-to-effectively-visualize-survey-data/},
  year = {2021}
},

@Book{Nunnally1994,
  title = {Psychometric Theory},
  author = {Jum C. Nunnally and Ira H. Bernstein},
  publisher = {McGraw-Hill, Inc.},
  address = {New York, New York},
  edition = {3rd},
  year = {1994},
},

@incollection{Lissitz2009,
  title = {The Concept of Validity: Revisions, New Directions, and Applications},
  editor = {Robert W. Lissitz},
  publisher = {Information Age Publishing, Inc.},
  address = {Charlotte, North Carolina},
  year = {2009},
},

@Book{Standards,
  title = {Standards for Educational and Psychological Testing},
  author = {{American Educational Research Association} and {American Psychological Association} and {National Council on Measurement in Education}},
  publisher = {American Educational Research Association},
  address = {Washington, DC},
  year = {2014},
},

@Article{ReiseWaller2009,
  title = {Item Response Theory and Clinical Measurement},
  author = {Steven P. Reise and Niels G. Waller},
  year = {2009},
  journal = {Annual Review of Clinical Psychology},
  volume = {5},
  pages = {27-48},
  doi = {10.1146/annurev.clinpsy.032408.153553},
},

@Book{DowningHaladyna2006,
  title = {Handbook of Test Development},
  editor = {Steven M. Downing and Thomas M. Haladyna},
  publisher = {Lawrence Erlbaum Associates, Inc.},
  address = {Mahwah, New Jersey},
  year = {2006},
},

@Book{WrightMasters1982,
  title = {Rating Scale Analysis},
  author = {Benjamin D. Wright and Geofferey N. Masters},
  publisher = {Mesa Press},
  address = {Chicago, Illinois},
  year = {1982},
},

@MISC{Bulut2018,
author = {Okan Bulut},
title = {Estimating Polytomous IRT Models in R},
month = {February},
year = {2018},
howpublished={\url{https://rpubs.com/okanbulut/lecture2}}
},

@Article{mirt,
  title = {{mirt}: A Multidimensional Item Response Theory Package
    for the {R} Environment},
  author = {R. Philip Chalmers},
  journal = {Journal of Statistical Software},
  year = {2012},
  volume = {48},
  number = {6},
  pages = {1--29},
  doi = {10.18637/jss.v048.i06},
},

@Article{Masters1982,
  title = {A Rasch Model for Partial Credit Scoring},
  author = {Geoff N. Masters},
  journal = {Psychometrika},
  year = {1982},
  volume = {47},
  pages = {149-174},
},

@Article{Andrich1978,
  title = {A rating formulation for ordered response categories},
  author = {David Andrich},
  journal = {Psychometrika},
  year = {1978},
  volume = {43},
  pages = {561–573},
},

@inbook{ReiseMooreHaviland2013,
  author    = "Steven P. Reise and Tyler M. Moore and Mark G. Haviland",
  title     = "Applying Unidimensional Item Response Theory Models to Psychological Data",
  booktitle = "APA Handbook of Testing and Assessment in Psychology: Vol. 1. Test Theory and Testing and Assessment in Industrial and Organizational Psychology",
  year      = "2013",
  pages     = "101--119"
}

@Article{KochEdstrom2022,
   author  = "Dan Koch and Leihua Edstrom", 
   year    = "2022",
   journal = "Journal for the Scientific Study of Religion",
   title   = "Development of the Spiritual Harm and Abuse Scale"
}

@article{ShaletEtAl2021,
  author = {Benjamin D. Schalet and Steven P. Reise and Donna M. Zulman and Eleanor T. Lewis and Rachel Kimerling },
  year = {2021},
  volume = {30},
  pages = {2363-2374},
  journal = {Quality of Life Research},
  title = {Psychometric Evaluation of a Patient-Reported Item Bank for Healthcare Engagement},
}

@article{Dogan2018,
  author = "Enis Dogan",
  title = "An Application of the Partial Credit IRT Model in Identifying Benchmarks for Polytomous Rating Scale Instruments",
  year = "2018",
  journal = "Practical Assessment, Research \& Evaluation",
  volume = "23",
  number = "7",
  pages = "1-10"
}

@phdthesis{Keller2016,
  author =  "K. H. Keller",
  year =    "2016",
  title =   "Development of a Spiritual Abuse Questionnaire",
  school =  "Texas Woman's University"
}

@Article{ReiseBonifayHaviland2013,
  title = "Scoring and Modeling Psychological Measures in the Presence of Multidimensionality",
  author = "Steven P. Reise and Wes E. Bonifay and Mark G. Haviland",
  journal = "Journal of Personality Assessment",
  year = "2013",
  volume = "95",
  number = "2",
  pages = "129-140",
  doi = "10.1080/00223891.2012.725437"
}

@Article{Thomas2019,
  title = "Advances in Applications of Item Response Theory to Clinical Assessment",
  author = "Michael L. Thomas",
  journal = "Psychological Assessment",
  year = "2019",
  volume = "31",
  number = "12",
  pages = "1442-1455"
}

@Article{Reckase1979,
  author = "Mark D. Reckase",
  title = "Unifactor latent trait models applied to multifactor tests: results and implications",
  journal = "Journal of Educational Statistics",
  year = "1979",
  volume = "4",
  pages = "207–230"
}

@Book{Rasch1960,
  author = "Georg Rasch",
  title = "Probabilistic Models for Some Intelligence and Attainment Tests",
  year = "1960",
  publisher = "University of Chicago Press",
  address = "Chicago, IL"
}

@article{Abramowitz-2002,
	author = "J.S. Abramowitz and J.D. Huppert and A.B. Cohen and D.F. Tolin and S.P. Cahill",
	year = "2002",
	journal = "Behaviour Research and Therapy",
	title = "Religious obsessions and compulsions in a non-clinical sample: The Penn Inventory of Scrupulosity (PIOS)",
	volume = "40",
	number = "7",
	pages = "825-838",
	url = "https://doi:10.1016/s0005-7967(01)00070-5"
}

@article{Briere-1989,
	author = "J. Briere and M. Runtz",
	year = "1989",
	title = "The Trauma Symptom Checklist (TSC-33): Early data on a new scale",
	journal = "Journal of Interpersonal Violence",
	volume = "4",
	number = "2",
	pages = "151-163",
	url = "https://doi.org/10.1177/088626089004002002"
}

@article{Bryant-Davis-2005,
	author = "T. Bryant-Davis", 
	year = "2005",
	title = "Coping strategies of African American adult survivors of childhood violence",
	journal = "Professional Psychology: Research and Practice",
	volume = "36", 
	pages = "409–414",	
	url = "https://doi:10.1037/0735-7028.36.4.409"
}

@article{Bryant-Davis-2012,
	author = "T. Bryant-Davis and M.U. Ellis and E. Burke-Maynard and N. Moon and P.A. Counts and G. Anderson",
	year = "2012",
	title = "Religiosity, spirituality, and trauma recovery in the lives of children and adolescents",
	journal = "Professional Psychology: Research and Practice",
	volume = "43",
	number = "4", 
	pages = "306-314",
	url = "https://doi:10.1037/a0029282"
}

@article{BryantDavis-2013,
	author = "T. Bryant-Davis and E.C. Wong",
	year = "2013",
	title = "Faith to move mountains: Religious coping, spirituality, and interpersonal trauma recovery",
	journal = "American Psychologist",
	volume = "68",
	number = "8",
	pages = "675-684",
	url = "https://doi:10.1037/a0034380"
}

@article{Carlson-2011,
	author = "E.B. Carlson and S.R. Smith and P.A. Palmieri and C.J. Dalenberg and J.I. Ruzek and R. Kimerling and T.A. Burling and D.A. Spain",
	year = "2011",
	title = "Development and validation of a brief self-report measure of trauma exposure: The Trauma History Screen",
	journal = "Psychological Assessment",
	volume = "23",
	pages = "463-477",
	url = "https://doi:10.1037/a0022294"
}

@article{Cares-2012,
	author = "A.C. Cares and G.R. Cusick",
	year =  "2012",
	title = "Risks and opportunities of faith and culture: The case of abused Jewish women",
	journal = "Journal of Family Violence",
	volume = "27",
	pages = "427–435",
	url = "https://doi.org/10.1007/s10896-012-9435-3"
}

@article{Cashwell-2018,
	author = "C. Cashwell and P. Swindle",
	year = "2018",
	title = "When religion hurts: Supervising cases of religious abuse",
	journal = "The Clinical Supervisor", 
	volume = "37",
	number = "1",
	pages = "182-203",
	url = "https://doi:10.1080/07325223.2018.1443305"
}

@article{Cranney-2018,
	author = "S. Cranney and J. Leman and T.A. Fergus and W.C. Rowatt",
	year = "2018",
	title = "Hell anxiety as non-pathological fear",
	journal = "Mental Health, Religion & Culture", 
	volume = "21",
	number = "9-10",
	pages = "867-883",
	url = "https://doi:10.1080/13674676.2018.1443436"
}

@article{Dill-2017,
	author = "L.J. Dill",
	year = "2017",
	title = "Wearing my spiritual jacket: the role of spirituality as a coping mechanism among African American youth",
	journal = "Health Education & Behavior", 
	volume = "44",
	number = "5",
	pages = "696–704",
	url = "https://doi:10.1177/1090198117729398"
}

@article{Doyle-2006,
	author = "T.P. Doyle",
	year = "2006",
	title = "Clericalism: Enabler of clergy sexual abuse",
	journal = "Pastoral Psychology",
	volume = "54", 
	pages = "189-213",
	url = "https://doi:10.1007/s11089-006-6323-x"
}

@article{Elliott-1994,
	author = "D.M. Elliott",
	year = "1994",
	title = "The impact of Christian faith on the prevalence and sequelae of sexual abuse",
	journal = "Journal of Interpersonal Violence", 
	volume = "9", 
	pages = "95–108",
	url = "https://doi:10.1177/088626094009001006"
}

@article{Foster-2015,
	author = "K.A. Foster and S.E. Bowland and A.N. Vosler",
	year = "2015",
	title = "All the pain along with all the joy: Spiritual resilience in lesbian and gay Christians",
	journal = "American Journal of Community Psychology",
	volume = "55",
	pages = "191–201",
	url = "https://doi:10.1007/s10464-015-9704-4"
}

@article{Gall-2007,
	author = "T. Gall and V. Basque and M. Demasceno-Scott and G. Vardy",
	year = "2007",
	title = "Spirituality and the current adjustment of adult survivors of childhood sexual abuse",
	journal = "Journal for the Scientific Study of Religion",
	volume = "46",
	pages = "101–117",
	url = "https://doi:10.1111/j.1468-5906.2007.00343.x"
}

@article{Good-2006,
  author = "M. Good and T. Willoughby",
  year = "2006",
  title = "The role of spirituality versus religiosity in adolescent psychosocial adjustment",
  journal = "Journal of Youth and Adolescence",
  volume = "35",
  pages = "41–55",
  url = "https://doi:10.1007/s10964-005-9018-1" 
}

@article{Gubi-2009,
  author = "P.M. Gubi and R. Jacobs",
  year = "2009",
  title = "Exploring the impact on counsellors of working with spiritually abused clients",
  journal = "Mental Health, Religion & Culture",
  volume = "12",
  number = "2",
  pages = "191-204",
  url = "https://doi:10.1080/13674670802441509"
}

@article{Hill-2008,
  author = "P.C. Hill and K.I. Pargament",
  year = "2008",
  title = "Advances in the conceptualization and measurement of religion and spirituality: Implications for physical and mental health research",
  journal = "Psychology of Religion and Spirituality",
  volume = "S(1)",
  pages = "3–17",
  url = "https://doi:10.1037/1941-1022.S.1.3"
}

@article{Holder-2010,
  author = "M.D. Holder and B. Coleman and J.M. Wallace",
  year = "2010",
  title = "Spirituality, religiousness, and happiness in children aged 8–12 years",
  journal = "Journal of Happiness Studies",
  volume = "11",
  pages = "131–150",
  url = "https://doi:10.1007/s10902-008-9126-1"  	 	 		
}

@article{Kira-2008,
  author = "I.A. Kira and L. Lewandowski and T. Templin and V. Ramaswamy and B. Ozkan and J. Mohanesh",
  year = "2008",
  title = "Measuring cumulative trauma dose, types, and profiles using a development-based taxonomy of traumas",
  journal = "Traumatology",
  volume = "14",
  number = "2",
  pages = "62–87",
  url = "https://doi.org/10.1177/1534765608319324"
}

@article{Kvarfordt-2010,
  author = "C.L. Kvarfordt",
  year = "2010",
  title = "Spiritual abuse and neglect of youth: Reconceptualizing what is known through an investigation of practitioners' experiences",
  journal = "Journal of Religion & Spirituality in Social Work: Social Thought",
  volume = "29",
  number = "2",
  pages = "143-164",
  url = "https://doi:10.1080/15426431003708287"
}

@article{Laflin-2008,
  author = "M.T. Laflin and J. Wang and M. Barry",
  year = "2008",
  title = "A longitudinal study of adolescent transition from virgin to nonvirgin status",
  journal = "Journal of Adolescent Health",
  volume = "42",
  pages = "228–236",
  url = "https://doi:10.1016/j.jadohealth.2007.08.014"
}

@article{Markstrom-1999,
  author = "C.A. Markstrom",
  year = "1999",
  title = "Religious involvement and adolescent psychosocial development",
  journal = "Journal of Adolescence",
  volume = "22",
  pages = "205–221",
  url = "https://doi:10.1006/jado.1999.0211"
}

@article{Marsal-2009,
  author = "E. Marsal",
  year = "2009",
  title = "Spirituality as a protective factor against female gang membership",
  journal = "Journal of Human Behavior in the Social Environment",
  volume = "19",
  pages = "231–241",
  url = "https://doi:10.1080/10911350802694584" 
}

@article{Merrill-2001,
  author = "R. Merrill and R.D. Salazar and N.W. Gardner",
  year = "2001",
  title = "Relationship between family religiosity and drug use behavior among youth",
  journal = "Social Behavior and Personality",
  volume = "29",
  pages = "347–357",
  url = "https://doi:10.2224/sbp.2001.29.4.347"
}

@article{Mishra-2015,
  author = "S.K. Mishra and E. Togneri and B. Tripathi and B. Trikamji",
  year = "2015",
  title = "Spirituality and religiosity and its role in health and diseases",
  journal = "Journal of Religion and Health",
  volume = "56",
  number = "4",
  pages = "1282–1301",
  url = "https://doi:10.1007/s10943-015-0100-z"
}

@article{Nobakht-2017,
  author = "H.N. Nobakht and K.Y. Dale",
  year = "2017",
  title = "The importance of religious/ritual abuse as a traumatic predictor of dissociation",
  journal = "Journal of Interpersonal Violence",
  volume = "33",
  number = "23",
  pages = "3575-3588",
  url = "https://doi:10.1177/0886260517723747"
}

@article{Oakley-2014,
  author = "L.R. Oakley and K.S. Kinmond",
  year = "2014",
  title = "Developing safeguarding policy and practice for Spiritual Abuse",
  journal = "The Journal of Adult Protection",
  volume = "16",
  number = "2",
  pages = "87-95",
  url = "https://doi:10.1108/jap-07-2013-0033"
}

@article{Oakley-2018,
  author = "Lv. Oakley and K. Kinmond and J. Humphreys",
  year = "2018",
  title = "Spiritual abuse in Christian faith settings: Definition, policy and practice guidance",
  journal = "The Journal of Adult Protection",
  volume = "20",
  number = "3/4",
  pages = "144-154",
  url = "https://doi:10.1108/jap-03-2018-0005"
}

@article{Panchuk-2018,
  author = "M. Panchuk",
  year = "2018",
  title = "The shattered spiritual self: a philosophical exploration of religious trauma",
  journal = "Res Philosophica",
  volume = "95",
  number = "3",
  pages = "505-530",
  url = "https://doi:10.11612/resphil.1684"
}

@article{Piedmont-2009,
  author = "R.L. Piedmont and J.W. Ciarrochi and G.S. Dy-Liacco and J.E. Williams",
  year = "2009",
  title = "The empirical and conceptual value of the spiritual transcendence and religious involvement scales for personality research",
  journal = "Psychology of Religion and Spirituality",
  volume = "1",
  number = "3",
  pages = "162-179",
  url = "https://doi:10.1037/a0015883"
}

@article{Rodríguez-Carballeira-2015,
  author = "A. Rodríguez-Carballeira and O. Saldaña and C. Almendros and J. Martín-Peña and J. Escartín and C. Porrúa-García",
  year = "2015",
  title = "Group psychological abuse: Taxonomy and severity of its components",
  journal = "The European Journal of Psychology Applied to Legal Context",
  volume = "7",
  number = "1",
  pages = "31-39",
  url = "https://doi:10.1016/j.ejpal.2014.11.001"
}

@article{Russo-Netzer-2019,
  author = "P. Russo-Netzer",
  year = "2019",
  title = "This is what real spirituality is all about: A phenomenological exploration of the experience of spirituality outside institutional religion",
  journal = "Psychology of Religion and Spirituality",
  volume = "11",
  number = "4",
  pages = "453–462",
  url = "https://doi.org/10.1037/rel0000169" 	
}

@article{Sanders-1995,
  author = "B. Sanders and E. Becker-Lausen",
  year = "1995",
  title = "The measurement of psychological maltreatment: Early data on the child abuse and trauma scale",
  journal = "Child Abuse & Neglect",
  volume = "19",
  number = "3",
  pages = "315-323",
  url = "https://doi.org/10.1016/S0145-2134(94)00131-6"
}

@article{Stevens-2019,
  author = "J.M. Stevens and M.A. Arzoumanian and B. Greenbaum and B.M. Schwab and C.J. Dalenberg",
  year = "2019",
  title = "Relationship of abuse by religious authorities to depression, religiosity, and child physical abuse history in a college sample",
  journal = "Psychological Trauma: Theory, Research, Practice, and Policy",
  volume = "11",
  number = "3",
  pages = "292–299",
  url = "https://doi: 10.1037/tra0000421"
}

@article{Templer-1970,
  author = "D.I. Templer",
  year = "1970",
  title = "The construction and validation of a death anxiety scale",
  journal = "The Journal of General Psychology",
  volume = "82",
  number = "2",
  pages = "165-177",
  url = "https://doi:10.1080/00221309.1970.9920634"
}

@article{Thiessen-2017,
  author = "J. Thiessen and S. Wilkins-Laflamme",
  year = "2017",
  title = "Becoming a religious none: irreligious socialization and disaffiliation",
  jouranl = "Journal for the Scientific Study of Religion",
  volume = "56",
  number = "1",
  pages = "64–82",
  url = "https://doi.org/10.1111/jssr.12319"
}

@book{Thiessen-2020,
  author = "J. Thiessen and S. Wilkins-Laflamme",
  year = "2020",
  title = "None of the above: Nonreligious identity in the Us and Canada",
  publisher = "New York University Press" 
}

@article{Van-Dyke-2009,
  author = "C.J. Van Dyke and D.S. Glenwick and J.J. Cecero and S. Kim",
  year = "2009",
  title = "The relationship of religious coping and spirituality to adjustment and psychological distress in urban early adolescents",
  journal = "Mental Health, Religion, and Culture",
  volume = "12",
  pages = "369–383",
  url = "https://doi:10.1080/13674670902737723"
}

@article{Ward-2011,
  author = "D.J. Ward",
  year = "2011",
  title = "The lived experience of spiritual abuse",
  journal = "Mental Health, Religion & Culture",
  volume = "14",
  number = "9",
  pages = "899-915",
  url = "https://doi:10.1080/13674676.2010.536206"
}

@article{Warford-2014,
  author = "P. Warford",
  year = "2014",
  title = "Facing Nabal: working with men who abuse",
  journal = "Priscilla Papers",
  volume = "28",
  number = "1",
  pages = "11-13"
}

@phdthesis{Swindle-2017,
  author = "Paula J. Swindle",
  year = "2017",
  title = "A Twisting of the Sacred: The Lived Experience of Religious Abuse",
  school = "University of North Carolina at Greensboro",
  url = "https://libres.uncg.edu/ir/uncg/f/Swindle_uncg_0154D_12186.pdf"
}

@incollection{Pearl-1994,
  author = "P. Pearl",
  year = "1994",
  title = "Emotional abuse",
  booktitle = "Child maltreatment: A clinical guide and reference",
  publisher = "G.W. Medical Publisher",
  editor = "J.A. Monteleone and A.E. Brodeur"
}

@phdthesis{Nica-2018,
  author = "Andreea Alexandra Nica",
  year = "2018",
  title = "Exiters of religious fundamentalism: reconstruction of identity, social relationship and support, and meaning related to well-being",
  school = "Portland State University",
  url = "https://doi.org/10.15760/etd.6288"
}

@misc{Winell-nd,
  author = "M. Winell",
  title = "Understanding Religious Trauma Syndrome: Trauma from Religion",
  howpublished = "Retrieved at \url{https://legacy.babcp.com/Review/RTS-Trauma-from-Religion.aspx} (2020/11/29)"
}